<collection xmlns="http://www.loc.gov/MARC21/slim"><record><leader>00943nam  2200253   450</leader><controlfield tag="001">128</controlfield><controlfield tag="003">http://montalegre.opacnet.com/OPAC/default.aspx?ContentAreaControl=ShowRegHoldings.ascx&amp;RegNo=16662</controlfield><controlfield tag="005">20</controlfield><datafield tag="095" ind1=" " ind2=" "><subfield code="a">PTBN00037263</subfield></datafield><datafield tag="100" ind1=" " ind2=" "><subfield code="a">19821201d1982    m  y0pora0103    ba</subfield></datafield><datafield tag="101" ind1="1" ind2=" "><subfield code="a">por</subfield><subfield code="c">eng</subfield></datafield><datafield tag="102" ind1=" " ind2=" "><subfield code="a">PT</subfield></datafield><datafield tag="200" ind1="1" ind2=" "><subfield code="a">Paloverde</subfield><subfield code="e">romance</subfield><subfield code="f">Jacqueline Briskin</subfield><subfield code="g">trad. de Sara Seruya</subfield></datafield><datafield tag="210" ind1=" " ind2=" "><subfield code="a">Mem Martins</subfield><subfield code="c">Europa-América</subfield><subfield code="d">[D.L. 1982]</subfield></datafield><datafield tag="215" ind1=" " ind2=" "><subfield code="a">2 v</subfield><subfield code="d">21 cm</subfield></datafield><datafield tag="225" ind1="2" ind2=" "><subfield code="a">Século XX</subfield></datafield><datafield tag="327" ind1="0" ind2=" "><subfield code="a">1"v.: O caminho da glória.-295p. (Século XX; 164); 2"v.: As sombras do passado.- 278 p.- (Século XX; 168)</subfield></datafield><datafield tag="675" ind1=" " ind2=" "><subfield code="a">821</subfield><subfield code="v">BN</subfield><subfield code="z">por</subfield><subfield code="3">288123</subfield></datafield><datafield tag="700" ind1=" " ind2="1"><subfield code="a">Briskin</subfield><subfield code="b">Jacqueline</subfield><subfield code="3">198808</subfield></datafield><datafield tag="702" ind1=" " ind2="1"><subfield code="a">Seruya</subfield><subfield code="b">Sara</subfield><subfield code="4">730</subfield><subfield code="3">32148</subfield></datafield><datafield tag="801" ind1=" " ind2="0"><subfield code="a">PT</subfield><subfield code="b">Biblioteca Municipal de Montalegre</subfield><subfield code="g">RPC</subfield></datafield><datafield tag="856" ind1=" " ind2=" "><subfield code="u">locateMedia.asp?cod=20060509115420&amp;ext=jpg</subfield><subfield code="z">CAPA</subfield></datafield><datafield tag="856" ind1=" " ind2=" "><subfield code="u">locateMedia.asp?cod=20060509115443&amp;ext=jpg</subfield><subfield code="z">CAPA</subfield></datafield><datafield tag="909" ind1="&#9;" ind2=" "><subfield code="a">2</subfield></datafield><datafield tag="966" ind1=" " ind2=" "><subfield code="a">0008200</subfield><subfield code="l">BMM</subfield><subfield code="s">SCG 821 BRI pal 164</subfield></datafield><datafield tag="966" ind1=" " ind2=" "><subfield code="a">0008201</subfield><subfield code="l">BMM</subfield><subfield code="s">SCG 821 BRI pal 168</subfield></datafield></record></collection>